@String{CIKM = {ACM Int. Conf. on Information and Knowledge Management (CIKM)}}
@String{SIGIR = {ACM SIGIR Int. Conf. on Research and Development in Information Retrieval}}
@String{KDD = {ACM SIGKDD Conf. on Knowledge Discovery and Data Mining}}
@String{SPIRE = {String Processing and Information Retrieval (SPIRE)}}
@String{JCDL = {ACM+IEEE Joint Conf. on Digital Libraries (JCDL)}}
@String{WSDM = {ACM Web Search and Data Mining Conf. (WSDM)}}
@String{STOC = {ACM Symp. on Theory of Computing (STOC)}}
@String{WWW = {Int. World Wide Web Conf.}}
