
@InProceedings{bernstein04:_scalab_system_ident_co_docum,
  author =	 {Yaniv Bernstein and Justin Zobel},
  title =	 {A Scalable System for Identifying Co-derivative
                  Documents},
  booktitle =	 SPIRE,
  year =	 2004,
  pages =	 {55-67}
}

@Book{gusfield97:_algor_strin_trees_sequen,
  author =	 {Dan Gusfield},
  title =	 {Algorithms on Strings, Trees, and Sequences},
  publisher =	 {Cambridge University Press},
  year =	 1997
}

@Article{horton10:_somet_borrow,
  author =	 {Russell Horton and Mark Olsen and Glenn Roe},
  title =	 {Something Borrowed: Sequence Alignment and the
                  Identification of Similar Passages in Large Text
                  Collections},
  journal =	 {Digital Studies / Le champ num√©rique},
  year =	 2010,
  volume =	 2,
  number =	 1
}

@InProceedings{huston11:_effic_index_repeat,
  author =	 {Samuel Huston and Alistair Moffat and W. Bruce
                  Croft},
  title =	 {Efficient Indexing of Repeated n-grams},
  booktitle =	 WSDM,
  pages =	 {127-136},
  year =	 2011
}

@InProceedings{kolak08:_gener_links_minin_quotat,
  author =	 {Okan Kolak and Bill N. Schilit},
  title =	 {Generating Links by Mining Quotations},
  booktitle =	 {Hypertext},
  year =	 2008,
  pages = 	 {117-126}
}

@InProceedings{leskovec09:_meme_dynam_news_cycle,
  author =	 {Jure Leskovec and Lars Backstrom and Jon Kleinberg},
  title =	 {Meme-tracking and the Dynamics of the News Cycle},
  booktitle =	 KDD,
  year =	 2009,
  pages = 	 {497-506}
}

@Book{mcgill03:_americ_liter_cultur_reprin,
  author =	 {Meredith L. McGill},
  title =	 {American Literature and the Culture of Reprinting,
                  1834--1853},
  publisher =	 {U. Penn. Press},
  year =	 2003
}

@InProceedings{lease12:_findin_explor_memes_social_media,
  author =	 {Hohyon Ryu and Matthew Lease and Nicholas Woodward},
  title =	 {Finding and Exploring Memes in Social Media},
  booktitle =	 {Hypertext},
  year =	 2012,
  pages = 	 {295-304}
}

@InProceedings{schilit08:_explor_digit_librar_key_ideas,
  author =	 {Bill N. Schilit and Okan Kolak},
  title =	 {Exploring a Digital Library through Key Ideas},
  booktitle =	 JCDL,
  year =	 2008,
  pages = 	 {177-186}
}

@InProceedings{sim12:_discov_faction_comput_linguis_commun,
  author =	 {Yanchuan Sim and Noah A. Smith and David A. Smith},
  title =	 {Discovering Factions in the Computational
                  Linguistics Community},
  booktitle =	 {ACL Workshop on Rediscovering 50 Years of
                  Discoveries},
  year =	 2012
}

@InProceedings{yalniz11:_partial_duplic_detec_large_book_collec,
  author =	 {Ismet Zeki Yalniz and Ethem F. Can and R. Manmatha},
  title =	 {Partial Duplicate Detection for Large Book
                  Collections},
  booktitle =	 CIKM,
  year =	 2011,
  pages = 	 {469-574}
}

@InProceedings{henzinger06:_findin_near_duplic_web_pages,
  author =	 {Monika Henzinger},
  title =	 {Finding Near-Duplicate Web Pages: A Large-Scale
                  Evaluation of Algorithms},
  booktitle =	 SIGIR,
  year =	 2006,
  pages = 	 {284-291}
}

@InProceedings{namata11:_collec_graph_ident,
  author =	 {Galileo Mark Namata and Stanley Kok and Lise Getoor},
  title =	 {Collective Graph Identification},
  booktitle =	 KDD,
  year =	 2011,
  pages = 	 {87-95}
}

@InProceedings{andoni13:_homom_finger_misal,
  author =	 {Alexandr Andoni and Assaf Goldberger and Andrew
                  McGregor and Ely Porat},
  title =	 {Homomorphic Fingerprints under Misalignments:
                  Sketching Edit and Shift Distances},
  booktitle =	 STOC,
  year =	 2013,
  pages = 	 {931-940}
}

@InProceedings{manku07:_detec_near_duplic_web_crawl,
  author =	 {Gurmeet Singh Manku and Arvind Jain and Anish Das
                  Sharma},
  title =	 {Detecting Near-Duplicates for Web Crawling},
  booktitle =	 WWW,
  year =	 2007,
  pages =	 {141-149}
}

@Article{friedman08:_regul_paths_gener_linear_model_coord_descen,
  author =	 {Jerome Friedman and Trevor Hastie and Rob
                  Tibshirani},
  title =	 {Regularization Paths for Generalized Linear Models
                  via Coordinate Descent},
  journal =	 {J. Statistical Software},
  year =	 2008,
  volume =	 33,
  number =	 1
}

@Article{genkin07:_large_scale_bayes_logis_regres_text_categ,
  author =	 {Alexander Genkin and David D. Lewis and David
                  Madigan},
  title =	 {Large-Scale {Bayesian} Logistic Regression for Text
                  Categorization},
  journal =	 {Technometrics},
  year =	 2007,
  volume =	 49,
  number =	 3,
  pages =	 {291-304}
}

@InProceedings{suen13:nifty,
  author =	 {Caroline Suen and Sandy Huang and Chantat
                  Eksombatchai and Rok Sosi\v{c} and Jure Leskovec},
  title =	 {{NIFTY}: A System for Large Scale Information Flow
                  Tracking and Clustering},
  booktitle =	 WWW,
  year =	 2013,
  pages = 	 {1237-1248}
}

@Article{tarjan75:_effic_good_but_not_linear,
  author =	 {Robert Tarjan},
  title =	 {Efficiency of a Good But Not Linear Set Union
                  Algorithm},
  journal =	 {J. ACM},
  year =	 1975,
  volume =	 22,
  number =	 2,
  pages =	 {215-225}
}

@InProceedings{elsayed08:_pairw_docum_simil_large_collec_mapred,
  author =	 {Tamer Elsayed and Jimmy Lin and Douglas W. Oard},
  title =	 {Pairwise Document Similarity in Large Collections
                  with {MapReduce}},
  booktitle =	 {ACL Short Papers},
  year =	 2008,
  pages =	 {265-268}
}

@InProceedings{lin09:_brute_force_index_approac_pairw,
  author =	 {Jimmy Lin},
  title =	 {Brute Force and Indexed Approaches to Pairwise
                  Document Similarity Comparisons with {MapReduce}},
  booktitle =	 SIGIR,
  year =	 2009,
  pages =	 {155-162}
}

@InProceedings{seo08:_local_text_reuse_detec,
  author =	 {Jangwon Seo and W. Bruce Croft},
  title =	 {Local Text Reuse Detection},
  booktitle =	 SIGIR,
  year =	 2008,
  pages =	 {571-578}
}

@InProceedings{brin95:_copy_detec_mechan_digit_docum,
  author =	 {Sergey Brin and James Davis and Hector
                  Garcia-Molina},
  title =	 {Copy Detection Mechanisms for Digital Documents},
  booktitle =	 {SIGMOD},
  year =	 1995
}

@InProceedings{church00:_empir_estim_adapt,
  author =	 {Kenneth W. Church},
  title =	 {Empirical Estimates of Adaptation: The Chance of Two
                  {Noriegas} is Closer to $p/2$ than $p^2$},
  booktitle =	 {COLING},
  year =	 2000,
  url = 	 {http://www.cs.jhu.edu/~kchurch/wwwfiles/published_2000_Coling.pdf}
}

@Book{adler12:_congr_polit_probl_solvin,
  author =	 {E. Scott Adler and John D. Wilkerson},
  title =	 {Congress and the Politics of Problem Solving},
  publisher =	 {Cambridge University Press},
  year =	 2012
}

@Article{margolin13:_why_simil,
  author =	 {Drew Margolin and Yu-Ru Lin and David Lazer},
  title =	 {Why so Similar?: Identifying Semantic Organizing
                  Processes in Large Textual Corpora},
  journal =	 {SSRN},
  year =	 2013
}

@Article{carroll09:_measur_bias_uncer_dw_nomin,
  author =	 {Royce Carroll and Jeff Lewis and James Lo and Nolan
                  McCarty and Keith Poole and Howard Rosenthal},
  title =	 {Measuring Bias and Uncertainty in {DW-NOMINATE}
                  Ideal Point Estimates via the Parametric Bootstrap},
  journal =	 {Political Analysis},
  year =	 2009,
  volume =	 17,
  number =	 3
}

@Article{dekker07:_sensit_mrqap_tests_collin_autoc_condit,
  author =	 {David Dekker and David Krackhardt and Tom Snijders},
  title =	 {Sensitivity of {MRQAP} Tests to Collinearity and
                  Autocorrelation Conditions},
  journal =	 {Psychometrika},
  year =	 2007,
  volume =	 72,
  number =	 4,
  pages =	 {563-581}
}

@Article{krackhardt87:_qap_partial_test_spurious,
  author =	 {David Krackhardt},
  title =	 {{QAP} Partialling as a Test of Spuriousness},
  journal =	 {Social Networks},
  year =	 1987,
  volume =	 9,
  number =	 2,
  pages =	 {171-186}
}

